<?xml version="1.0" encoding="UTF-8"?><collection xmlns="http://www.loc.gov/MARC21/slim"><record><leader>00355nam--2200133-i-4500</leader><controlfield tag="001">000027992</controlfield><controlfield tag="002">20161230</controlfield><controlfield tag="005">20161230201037</controlfield><controlfield tag="008">060222s1000------------r-----000-0-eng-d</controlfield><datafield ind1=" " ind2=" " tag="080"><subfield code="a">530.145.6</subfield></datafield><datafield ind1=" " ind2=" " tag="100"><subfield code="a">Laverriere, R. And Proriol, J</subfield></datafield><datafield ind1=" " ind2=" " tag="245"><subfield code="a">Euler angles for three and four identical particle systems</subfield></datafield><datafield ind1=" " ind2=" " tag="260"><subfield code="a">Lyon, Univ, 1976. 6p</subfield></datafield><datafield ind1=" " ind2=" " tag="852"><subfield code="a">23853</subfield></datafield></record></collection>